@book{cormen,
  Author = {Thomas H. Cormen and Charles E. Leiserson and Ronald L. Rivest and Clifford Stein},
  Title = {Introduction to Algorithms},
  Year = {2001},
  Publisher = {The MIT Press/McGraw-Hill Book Company},
  Edition = {Second}
}
@book{matte3,
  Author = {C. H. Edwards and David E. Penney},
  Title = {Elementary Linear Algebra},
  Year = {1988},
  Publisher = {Prentice-Hall}
}
@article{tewfik1994fast,
  title={Fast positive definite linear system solvers},
  author={Tewfik, AH and Kim, M.},
  journal={Signal Processing, IEEE Transactions on},
  volume={42},
  number={3},
  pages={572--585},
  year={1994},
  publisher={IEEE}
}
@inproceedings{lrivector,
  title={iVector Approach to Phonotactic Language Recognition},
  author={Soufifar, M. and Kockmann, M. and Burget, L. and Plchot, O. and Glembek, O. and Svendsen, T.},
  booktitle={Twelfth Annual Conference of the International Speech Communication Association},
  year={2011}
}
@inproceedings{kockmann2010prosodic,
  title={Prosodic speaker verification using subspace multinomial models with intersession compensation},
  author={Kockmann, M. and Burget, L. and Glembek, O. and Ferrer, L. and {\v{C}}ernock{\`y}, J.},
  booktitle={Eleventh Annual Conference of the International Speech Communication Association},
  year={2010}
}
@article{wan2005speaker,
  title={Speaker verification using sequence discriminant support vector machines},
  author={Wan, V. and Renals, S.},
  journal={Speech and Audio Processing, IEEE Transactions on},
  volume={13},
  number={2},
  pages={203--210},
  year={2005},
  publisher={IEEE}
}
@Book{talegk,
	author = {Xuedong Huang and Alex Acero and Hsiad-Wuen Hon},
	title = {Spoken Language Processing; a Guide to Theory, Algorithm, and System Development},
	year = {2001},
	Publisher = {Prentice-Hall}
}
@Book{machinelearningbook,
	author = {Christoper Bishop},
	title = {Pattern Recognition and Machine Learning},
	year = {2006},
	publisher = {Springer Science+Business Media, LLC}
}
@book{information,
	Author = {Chritopher D. Manning AND  Prabhakar Raghavan AND Hinrich Schütze},
	Title = {Introduction to Information Retrieval},
	Year = {2008},
	Publisher = {Cambridge University Press},
	Edition = {First}
}
@book{lidbok,
	Author = {Jacob Benesty and M. M. Sondhi and Yiteng Huang},
	Title = {Springer Handbook of Speech Processing},
	Year = {2008},
	Publisher = {Springer},
	Chapter = {42}
}
@article{gmmpca,
  title={Mixtures of probabilistic principal component analyzers},
  author={Tipping, M.E. and Bishop, C.M.},
  journal={Neural computation},
  volume={11},
  number={2},
  pages={443--482},
  year={1999},
  publisher={MIT Press}
}
@phdthesis{butphnrec,
  title = {Phoneme recognition based on long temporal context},
  author = {Schwarz, P.},
  year = {2008},
  school = {Brno University of Technology, Faculty of Information Technology},
  type = {Doctoral thesis}
}
@phdthesis{matejkalre,
  title = {Phonotactic and Acoustic Language Recognition},
  author = {Pavel Matějka},
  year = {2008},
  school = {Brno University of Technology, Faculty of Electrical Engineering and Communication},
  type = {Doctoral thesis}
}
@Article{liblinear,
  author = 	 {Rong-En Fan and Kai-Wei Chang and Cho-Jui Hsieh and Xiang-Rui Wang and Chih-Jen Lin},
  title = 	 {{LIBLINEAR}: A Library for Large Linear Classification},
  journal = 	 {Journal of Machine Learning Research},
  year = 	 {2008},
  volume =	 {9},
  pages =	 {1871--1874}
}
@article{hsu2002comparison,
  title={A comparison of methods for multiclass support vector machines},
  author={Hsu, C.W. and Lin, C.J.},
  journal={Neural Networks, IEEE Transactions on},
  volume={13},
  number={2},
  pages={415--425},
  year={2002},
  publisher={IEEE}
}
@article{Rifkin:2004:DOC:1005332.1005336,
 author = {Rifkin, Ryan and Klautau, Aldebaro},
 title = {In Defense of One-Vs-All Classification},
 journal = {J. Mach. Learn. Res.},
 issue_date = {12/1/2004},
 volume = {5},
 month = dec,
 year = {2004},
 issn = {1532-4435},
 pages = {101--141},
 numpages = {41},
 url = {http://dl.acm.org/citation.cfm?id=1005332.1005336},
 acmid = {1005336},
 publisher = {JMLR.org},
} 
@article{wan2005speaker,
  title={Speaker verification using sequence discriminant support vector machines},
  author={Wan, V. and Renals, S.},
  journal={Speech and Audio Processing, IEEE Transactions on},
  volume={13},
  number={2},
  pages={203--210},
  year={2005},
  publisher={IEEE}
@article{dehak2011front,
  title={Front-end factor analysis for speaker verification},
  author={Dehak, N. and Kenny, P.J. and Dehak, R. and Dumouchel, P. and Ouellet, P.},
  journal={Audio, Speech, and Language Processing, IEEE Transactions on},
  volume={19},
  number={4},
  pages={788--798},
  year={2011},
  publisher={IEEE}
}
@inproceedings{srivector,
  title={Prosodic speaker verification using subspace multinomial models with intersession compensation},
  author={Kockmann, M. and Burget, L. and Glembek, O. and Ferrer, L. and {\v{C}}ernock{\`y}, J.},
  booktitle={Eleventh Annual Conference of the International Speech Communication Association},
  year={2010}
}
@inproceedings{lrivector,
  title={iVector Approach to Phonotactic Language Recognition},
  author={Soufifar, M. and Kockmann, M. and Burget, L. and Plchot, O. and Glembek, O. and Svendsen, T.},
  booktitle={Twelfth Annual Conference of the International Speech Communication Association},
  year={2011}
}
@inproceedings{martin2003nist,
  title={NIST 2003 language recognition evaluation},
  author={Martin, A.F. and Przybocki, M.A.},
  booktitle={Eighth European Conference on Speech Communication and Technology},
  year={2003}
}
@inproceedings{torres2008mitll,
  title={The MITLL NIST LRE 2007 Language Recognition System},
  author={Torres-Carrasquillo, P.A. and Singer, E. and Campbell, W. and Gleason, T. and McCree, A. and Reynolds, D.A. and Richardson, F. and Shen, W. and Sturim, D.},
  booktitle={Proc. Interspeech},
  year={2008},
  pages={719-723}
}
@Article{liblinear,
  	author = {Rong-En Fan and Kai-Wei Chang and Cho-Jui Hsieh and Xiang-Rui Wang and Chih-Jen Lin},
  	title = {{LIBLINEAR}: A Library for Large Linear Classification},
 	 journal = {Journal of Machine Learning Research},
  	year = {2008},
 	 volume = {9},
  	pages = {1871--1874}
}
@misc{practicalsvm,
	Author = {Chih-Wei Hsu and Chih-Chung Chang and Chih-Jen Lin},
	title = {A practical guide to support vector classification},
	howpublished= {\url{http://www.csie.ntu.edu.tw/~cjlin/papers/guide/guide.pdf}, visited 12th of June 2012}
}
@article{keerthi2003asymptotic,
  title={Asymptotic behaviors of support vector machines with Gaussian kernel},
  author={Keerthi, S.S. and Lin, C.J.},
  journal={Neural computation},
  volume={15},
  number={7},
  pages={1667--1689},
  year={2003},
  publisher={MIT Press}
}
@inproceedings{noor2006efficient,
  title={Efficient language identification using anchor models and support vector machines},
  author={Noor, E. and Aronowitz, H.},
  booktitle={Speaker and Language Recognition Workshop, 2006. IEEE Odyssey 2006: The},
  pages={1--6},
  year={2006},
  organization={IEEE}
}
@inproceedings{mccallum1998comparison,
  title={A comparison of event models for naive bayes text classification},
  author={McCallum, A. and Nigam, K.},
  booktitle={AAAI-98 workshop on learning for text categorization},
  volume={752},
  pages={41--48},
  year={1998}
}
@inproceedings{singer2003acoustic,
  title={Acoustic, phonetic, and discriminative approaches to automatic language identification},
  author={Singer, E. and Torres-Carrasquillo, PA and Gleason, TP and Campbell, WM and Reynolds, D.A.},
  booktitle={Eighth European Conference on Speech Communication and Technology},
  year={2003}
}
@inproceedings{ma2007discriminative,
  title={Discriminative vector for spoken language recognition},
  author={Ma, B. and Tong, R. and Li, H.},
  booktitle={Acoustics, Speech and Signal Processing, 2007. ICASSP 2007. IEEE International Conference on},
  volume={4},
  pages={IV--1001},
  year={2007},
  organization={IEEE}
}
@inproceedings{matejka2006use,
  title={Use of anti-models to further improve state-of-the-art prlm language recognition system},
  author={Matejka, P. and Schwarz, P. and Burget, L. and Cernocky, J.},
  booktitle={Acoustics, Speech and Signal Processing, 2006. ICASSP 2006 Proceedings. 2006 IEEE International Conference on},
  volume={1},
  pages={I--I},
  year={2006},
  organization={IEEE}
}





